<?xml version="1.0" encoding="UTF-8"?><collection xmlns="http://www.loc.gov/MARC21/slim"><record><leader>00546nam--2200205-u-4500</leader><controlfield tag="001">000056009</controlfield><controlfield tag="002">20161230</controlfield><controlfield tag="005">20161230201052</controlfield><controlfield tag="008">141114s1000------------r-----000-0-rum-d</controlfield><datafield ind1=" " ind2=" " tag="020"><subfield code="a">9739910297</subfield></datafield><datafield ind1=" " ind2=" " tag="040"><subfield code="a">IFIN-HH</subfield></datafield><datafield ind1=" " ind2=" " tag="041"><subfield code="a">rum</subfield></datafield><datafield ind1=" " ind2=" " tag="080"><subfield code="a">004.738.5:02</subfield></datafield><datafield ind1="1" ind2=" " tag="100"><subfield code="a">Coravu, Robert</subfield></datafield><datafield ind1="1" ind2="0" tag="245"><subfield code="a">Ghid de resurse internet pentru biblioteci si bibliotecari</subfield><subfield code="c">Robert coravu</subfield></datafield><datafield ind1=" " ind2=" " tag="260"><subfield code="a">Bucuresti</subfield><subfield code="b">Editura Abir</subfield><subfield code="c">2002</subfield></datafield><datafield ind1=" " ind2=" " tag="300"><subfield code="a">146P</subfield></datafield><datafield ind1=" " ind2=" " tag="490"><subfield code="a">Colectia Biblioteca Abir; 15</subfield></datafield><datafield ind1=" " ind2=" " tag="852"><subfield code="a">82387</subfield><subfield code="c">02</subfield></datafield><datafield ind1=" " ind2=" " tag="CAT"><subfield code="a">Sys</subfield><subfield code="c">20141114</subfield><subfield code="h">160520</subfield></datafield></record></collection>